% Encoding: UTF8

@Manual{abntex2modelo,
  Title                    = {Modelo Canônico de Trabalho Acadêmico com abnTeX2},
  Author                   = {abnTeX2},
  Organization             = {Equipe abnTeX2},
  Year                     = {2019},
  Annote                   = {Este documento é derivado do \cite{abnt-bibtex-doc}},
  url                      = {http://www.abntex.net.br/}
}

@Manual{abntex2modelo-artigo,
  Title                    = {Modelo Canônico de Artigo Científico com abnTeX2},
  Author                   = {abnTeX2},
  Organization             = {Equipe abnTeX2},
  Year                     = {2019},
  Annote                   = {Este documento é derivado do \cite{abnt-bibtex-doc}},
  url                      = {http://www.abntex.net.br/}
}

@Misc{abntex2-wiki-como-customizar,
  Title                    = {Como customizar o abnTeX2},
  Author                   = {abnTeX2},
  HowPublished             = {Wiki do abnTeX2},
  Year                     = {2019},
  Keywords                 = {wiki},
  Url                      = {https://github.com/abntex/abntex2/wiki/ComoCustomizar},
  urlaccessdate            = {2019-09-09}
}

@Manual{abntex2cite,
  Title                    = {O pacote abntex2cite: Estilos bibliográficos compatíveis com a ABNT NBR 6023},
  Author                   = {abnTeX2 and Lauro César Araujo},
  Organization             = {Equipe abnTeX2},
  Year                     = {2019},
  Annote                   = {Este documento é derivado do \cite{abnt-bibtex-doc}},
  url                      = {http://www.abntex.net.br/}
}

@Manual{abntex2cite-alf,
  Title                    = {O pacote abntex2cite: tópicos específicos da ABNT NBR 10520:2002 e o estilo bibliográfico alfabético (sistema autor-data)},
  Author                   = {abnTeX2 and Lauro César Araujo},
  Organization             = {Equipe abnTeX2},
  Year                     = {2019},
  Annote                   = {Este documento é derivado do \cite{abnt-bibtex-alf-doc}},
  url                      = {http://www.abntex.net.br/}
}

@Manual{abntex2classe,
  Title                    = {A classe abntex2: Modelo canônico de trabalhos acadêmicos brasileiros compatível com as normas ABNT NBR 14724:2011, ABNT NBR 6024:2012 e outras},
  Author                   = {abnTeX2 and Lauro César Araujo},
  Organization             = {Equipe abnTeX2},
  Year                     = {2019},
  url                      = {http://www.abntex.net.br/}
}

@Book{Dongen2012,
  Title                    = {LaTeX and Friends},
  Author                   = {M. R. C. van Dongen},
  Publisher                = {Springer},
  Year                     = {2012},
  Month                    = {1},
  ISBN                     = {978-36-4223-816-1}
}

@Book{ibge1993,
  Title                    = {Normas de apresentação tabular},
  Author                   = {IBGE},
  Publisher                = {Centro de Documentação e Disseminação de Informações. Fundação Instituto Brasileiro de Geografia e Estatística},
  Year                     = {1993},
  Address                  = {Rio de Janeiro},
  Edition                  = {3},
  url                      = {http://biblioteca.ibge.gov.br/visualizacao/livros/liv23907.pdf},
  Timestamp                = {2014.04.03},
  Urlaccessdate            = {2019-09-09}
}

@Book{LeslieLamport90,
  Title                    = {LaTeX: A Document Preparation System},
  Author                   = {Leslie Lamport},
  Publisher                = {TBS},
  Year                     = {1994},
  Month                    = {7},
  ISBN                     = {81-7758-414-6}
}

@Book{FrankMittelbach111,
  Title                    = {The LaTeX Companion},
  Author                   = {Frank Mittelbach and Michel Goossens and Johannes Braams and David Carlisle and Chris Rowley},
  Publisher                = {Addison-Wesley},
  Year                     = {2004},
  Month                    = {5},
  ISBN                     = {978-02-0136-299-2}
}

@Manual{manualUFV,
  Title                    = {Manual de Normalização de Trabalhos Acadêmicos: atualizada conforme NBR 14724/2011 e NBR 6023/2018},
  Address                  = {Viçosa, MG},
  Author                   = {Alice Regina Pinto Pires and Bruna Silva and Izabel Cristina de Oliveira and Juliana Ottoni da Silva Pereira},
  Organization             = {Universidade Federal de Viçosa},
  Year                     = {2019},
  url                      = {http://www.bbt.ufv.br/wp-content/uploads/ManualtrabalhosAcademicos.pdf},
  urlaccessdate            = {2019-09-09}
}

@Manual{memoir,
  Title                    = {The Memoir Class for Configurable Typesetting - User Guide},
  Address                  = {Normandy Park, WA},
  Author                   = {Peter Wilson and Lars Madsen},
  Organization             = {The Herries Press},
  Year                     = {2010},
  url                      = {http://mirrors.ctan.org/macros/latex/contrib/memoir/memman.pdf},
  Urlaccessdate            = {2019-09-09}
}

@online{biblatex,
  author = {Daniel Ballester Marques},
  date = {2018-11-17},
  title = {biblatex-abnt 3.4},
  url = {https://raw.githubusercontent.com/abntex/biblatex-abnt/master/doc/biblatex-abnt.pdf},
  urlaccessdate = {2021-08-10}
}

@misc{Souza2016,
  author = {Souza, João Claudio Silva},
  title = {Automatização da Administração do Transporte Intermunicipal de Estudantes – Tupa/Marília},
  year = {2016},
  url = {https://aberto.univem.edu.br/bitstream/handle/11077/1593/TCC-JO%C3%83OCLAUDIOSILVASOUZA-2016-monografia.pdf?sequence=1&isAllowed=y},
  note = {Monografia},
}

@misc{boranga2019ufrgs,
  author = {Boranga, Augusto},
  title = {UFRGS caronas: um aplicativo móvel de caronas para a comunidade da UFRGS},
  year = {2019},
  howpublished = {\url{https://www.lume.ufrgs.br/bitstream/handle/10183/212711/001116717.pdf?sequence=1}},
  note = {Trabalho de conclusão de graduação, Universidade Federal do Rio Grande do Sul}
}

@inproceedings{miranda2019infraestrutura,
  author    = {Miranda e Silva Sousa, Paulo and Freitas, Robertty and E Silva, Abilio Castro and Neto, Wilton and Moreira Bezerra, Carla Ilane and Coutinho, Emanuel Ferreira},
  title     = {Uma Infraestrutura para o Monitoramento e Predição de Rotas e Paradas de Ônibus no Transporte Universitário},
  booktitle = {Anais do Workshop de Computação Urbana (COURB)},
  year      = {2019},
  address   = {Gramado},
  publisher = {Sociedade Brasileira de Computação},
  pages     = {111--124},
  issn      = {2595-2706},
  doi       = {10.5753/courb.2019.7472},
}

@online{statcounter,
 author= {Statcounter},
  title = {Statcounter GlobalStats - Operating System Market Share},
  year = {2023},
  url = {https://gs.statcounter.com/os-market-share},
  urldate = {2023-04-26}
}

@online{statcounter-br,
  author= {Statcounter},
  title = {Statcounter GlobalStats - Mobile OS Market Share},
  year = {2023},
  url = {https://gs.statcounter.com/mobile-os-market-share},
  urldate = {2023-04-26}
}

@online{infraestruturaaplicativo,
  author= {Back4app},
  title = {back4app - Como construir uma infraestrutura de um aplicativo móvel escalável},
  year = {2023},
  url = {https://blog.back4app.com/pt/como-construir-uma-infraestrutura-de-um-aplicativo-movel-escalavel/},
  urldate = {2023-04-26}
}

@online{reactnative,
  author= {ReactNative},
  title = {React Native},
  year = {2023},
  url = {https://reactnative.dev},
  urldate = {2023-05-01}
}

@online{alura-dev-apps-mobile,
  author       = {Alura},
  title        = {Desenvolvimento de Apps Mobile: por onde começar?},
  year         = {2021},
  url          = {https://www.alura.com.br/artigos/desenvolvimento-apps-mobile-por-onde-comecar},
  urldate      = {2023-04-26},
  organization = {Alura},
}

@online{alura-react-native,
  author       = {Alura},
  title        = {React Native: o que é, tudo sobre o Framework},
  year         = {2021},
  url          = {https://www.alura.com.br/artigos/react-native},
  urldate      = {2023-04-26},
  organization = {Alura},
}

@online{axios,
  title = {Axios - Documentação},
  author = {Axios},
  year = {2023},
  url = {https://axios-http.com/ptbr/docs/intro},
  urldate = {2023-06-26}
}

@online{redux,
title = {Redux- Documentação},
author = {{Redux}},
year = {2023},
url = {https://redux.js.org/introduction/getting-started},
urldate = {2023-06-26}
}

@online{mysql-whitepaper,
title = {10 Principais Motivos para Usar o MySQL como um Banco de Dados Incorporado},
author = {{Oracle Corporation}},
year = {2023},
url = {https://www.mysql.com/why-mysql/white-papers/10-principais-motivos-para-usar-o-mysql-como-um-banco-de-dados-incorporado/},
urldate = {2023-06-25}
}

@online{mysql,
title = {MySQL},
author = {{HostGator}},
year = {2023},
url = {https://www.hostgator.com.br/blog/mysql-e-suas-vantagens/},
urldate = {2023-06-22}
}

@online{logrocket-react-native-maps,
author = {Gaurav Singhal},
title = {Introduction to React Native Maps},
year = {2021},
url = {https://blog.logrocket.com/react-native-maps-introduction/},
urldate = {2023-06-30}
}

@misc{devmedia-google-maps,
  title = {Introdução à Google Maps API},
  author = {DevMedia},
  year = {2013},
  howpublished = {\url{https://www.devmedia.com.br/introducao-a-google-maps-api/26967}},
  note = {Acesso em: 04/07/2023}
}

@misc{pinheiro-analise-apps-mobile,
  author = {Pinheiro, Juliana Silva},
  title = {Análise do desenvolvimento de aplicativos mobile nativos e multiplataforma},
  howpublished = {\url{https://repositorio.ufsc.br/handle/123456789/218144}},
  note = {Acesso em: 28/06/2023},
  year = {2017},
}

@online{accurate-nativexmult,
  author       = {accurate},
  title        = {Desenvolvimento Mobile Multiplataforma X Nativo: Escolha a Melhor Abordagem},
  year         = {2021},
  url          = {https://blog.accurate.com.br/desenvolvimento-mobile/},
  urldate      = {2023-06-30}
}

@online{techtudo-smartphone,
  title = {O que significa smartphone? Veja o que é, quem inventou e mais dúvidas},
  author = {TechTudo},
  year = {2023},
  url = {https://www.techtudo.com.br/guia/2023/03/o-que-e-smartphone-veja-o-que-significa-e-quem-inventou-edmobile.ghtml},
  urldate = {2023-07-05}
}

@misc{tecmundo-evolucao-celular,
  title = {História: a evolução do celular},
  author = {TecMundo},
  howpublished = {\url{https://www.tecmundo.com.br/celular/2140-historia-a-evolucao-do-celular.htm}},
  year = {2009},
  note = {Acessado em: 04/07/2023}
}

@online{wiki-smartphone,
  title = {Smartphone},
  author = {{Wikipédia}},
  year = {2023},
  url = {https://pt.wikipedia.org/wiki/Smartphone},
  urldate = {2023-07-05},
  note = {Acesso em: 30/06/2023}
}

@online{android,
    title = {Android},
    author = {{Google Developers}},
    year = {2021},
    url = {https://developer.android.com/guide/platform?hl=pt-br},
    urldate = {2023-07-05}
}

@article{adrenaline-evolucao-celulares,
online = {A evolução dos celulares: do tijorola ao smartphone},
author = {Felipe Lima},
journal = {Adrenaline},
year = {2010},
url = {https://www.adrenaline.com.br/artigos/a-evolucao-dos-celulares-do-tijorola-ao-smartphone/}
}

@misc{boranga2019ufrgs,
  author = {Boranga, Augusto},
  title = {UFRGS caronas: um aplicativo móvel de caronas para a comunidade da UFRGS},
  year = {2019},
  howpublished = {\url{https://www.lume.ufrgs.br/bitstream/handle/10183/212711/001116717.pdf?sequence=1}},
  note = {Trabalho de conclusão de graduação, Universidade Federal do Rio Grande do Sul}
}

@article{elmasri2000sistemas,
    title={Sistemas de Banco de Dados},
    author={Elmasri, Ramez and Navathe, Shamkant B.},
    year={2000},
    url={http://www.tonysoftwares.com.br/attachments/article/5297/Sistema_de_banco_de_dados_Navathe.pdf}
}

@article{bolfe2018sistemas,
  title={Sistemas de Informação Geográfica: uma abordagem contextualizada na história},
  author={Bolfe, Édson Luis and Matias, Lindon Fonseca and Ferreira, Marcos César},
  journal={Revista de Geografia (Online)},
  volume={35},
  number={1},
  pages={175--191},
  year={2018},
  url={https://www.periodicos.rc.biblioteca.unesp.br/index.php/ageteo/article/view/1775}
}

@online{aplicativosmoveis,
  title = {Aplicativos móveis},
  author = {gcfglobal},
  organization = {GCF Global},
  year = {2022},
  url = {https://edu.gcfglobal.org/pt/informatica-basica/aplicativos-moveis/1/#}
}

@article{freitas2020transporte,
  title={O transporte escolar e sua influência no aprendizado do aluno do campo},
  author={Freitas, Dulceli Pierin de and Battezzati, Silma Cortes da Costa},
  year={2011},
  url={https://acervodigital.ufpr.br/bitstream/handle/1884/38494/R%20-%20E%20-%20DULCELI%20PIERIN%20DE%20FREITAS.pdf?sequence=1}
}